<record><leader>00000cas a22000007a 4500</leader><controlfield tag="001">16519942</controlfield><controlfield tag="008">870821d18541870pauwr ne      0    0eng d</controlfield><datafield ind1=" " ind2=" " tag="010"><subfield code="a">sn 88080875 </subfield></datafield><datafield ind1=" " ind2=" " tag="040"><subfield code="a">NPH</subfield><subfield code="b">eng</subfield><subfield code="c">NPH</subfield><subfield code="d">OCLCQ</subfield></datafield><datafield ind1=" " ind2=" " tag="042"><subfield code="a">msc</subfield></datafield><datafield ind1="0" ind2="0" tag="245"><subfield code="a">Dauphin journal.</subfield></datafield><datafield ind1=" " ind2=" " tag="260"><subfield code="a">Middletown, Pa. :</subfield><subfield code="b">E. Whitman &amp; Co.</subfield></datafield><datafield ind1=" " ind2=" " tag="300"><subfield code="a">v. :</subfield><subfield code="b">ill. (chiefly advertisements) ;</subfield><subfield code="c">44-61 cm.</subfield></datafield><datafield ind1=" " ind2=" " tag="310"><subfield code="a">Weekly</subfield></datafield><datafield ind1="1" ind2=" " tag="362"><subfield code="a">Began in 1854; ceased in 1870.</subfield></datafield><datafield ind1=" " ind2=" " tag="500"><subfield code="a">Publisher: J.W. Stofer, &lt;1861&gt;.</subfield></datafield><datafield ind1=" " ind2=" " tag="588"><subfield code="a">Description based on : vol. 3, no. 24 (Dec. 25, 1856).</subfield></datafield><datafield ind1=" " ind2=" " tag="752"><subfield code="a">United States</subfield><subfield code="b">Pennsylvania</subfield><subfield code="c">Dauphin</subfield><subfield code="d">Middletown.</subfield></datafield><datafield ind1="0" ind2="0" tag="785"><subfield code="t">Middletown journal (Middletown, Pa. : 1870)</subfield><subfield code="w">(DLC)sn 84026036</subfield></datafield></record>